<?xml version="1.0" encoding="UTF-8"?><collection xmlns="http://www.loc.gov/MARC21/slim"><record><leader>00596nam--2200181-i-4500</leader><controlfield tag="001">000003328</controlfield><controlfield tag="002">20161230</controlfield><controlfield tag="005">20161230201025</controlfield><controlfield tag="008">060222s1000------------r-----000-0-eng-d</controlfield><datafield ind1=" " ind2=" " tag="040"><subfield code="a">IFIN-HH</subfield></datafield><datafield ind1=" " ind2=" " tag="080"><subfield code="a">534.21</subfield></datafield><datafield ind1="1" ind2=" " tag="100"><subfield code="a">Temple, G</subfield></datafield><datafield ind1="1" ind2="0" tag="245"><subfield code="a">Rayleigh's principle and its applications to engineering</subfield><subfield code="b">The theory and practice of the energy method for the approximate determination of critical loads and speeds</subfield><subfield code="c">G. temple, w.g. bickley</subfield></datafield><datafield ind1=" " ind2=" " tag="260"><subfield code="a">/F.L./, Dover Publications, Inc., 1956</subfield></datafield><datafield ind1=" " ind2=" " tag="300"><subfield code="a">152 P</subfield></datafield><datafield ind1="1" ind2=" " tag="700"><subfield code="a">Bickley, W. G</subfield></datafield><datafield ind1=" " ind2=" " tag="852"><subfield code="a">13079</subfield></datafield><datafield ind1=" " ind2=" " tag="CAT"><subfield code="a">Sys</subfield><subfield code="c">20101006</subfield><subfield code="h">152953</subfield></datafield></record></collection>